@ Introduction

  @misc{ swithcomma,
   title = "Unicode Character 'LATIN CAPITAL LETTER S WITH COMMA BELOW' (U+0218)",
   url = {http://www.fileformat.info/info/unicode/char/0218/index.htm},
   note = "\url{http://www.fileformat.info/info/unicode/char/0218/index.htm} [Online; accessed 1-April-2015]" 
 }
 
   @misc{ swithcedilla,
   title = "Unicode Character 'LATIN CAPITAL LETTER S WITH CEDILLA' (U+015E)",
   url = {http://www.fileformat.info/info/unicode/char/015E/index.htm},
   note = "\url{http://www.fileformat.info/info/unicode/char/015E/index.htm} [Online; accessed 1-April-2015]" 
 }

@misc{ wiki:disambiguation,
   author = "Wikipedia",
   title = "Word-sense disambiguation --- Wikipedia{,} The Free Encyclopedia",
   year = "2015",
   url = "http://en.wikipedia.org/wiki/Word-sense_disambiguation",
   note = "\url{http://en.wikipedia.org/wiki/Word-sense_disambiguation} [Online; accessed 20-April-2015]"
 }

@misc{ wiki:icecreamdisambiguation,
   author = "Wikipedia",
   title = "Ice cream (disambiguation) --- Wikipedia{,} The Free Encyclopedia",
   year = "2015",
   url = "http://en.wikipedia.org/wiki/Ice_cream_%28disambiguation%29",
   note = "\url{http://en.wikipedia.org/wiki/Ice_cream_%28disambiguation%29} [Online; accessed 20-April-2015]"
 }




@---------------------------------------------------------
@ Background
@misc{ Olejohandahleng,
   author = "Wikipedia",
   title = "Ole-Johan Dahl --- Wikipedia{,} The Free Encyclopedia",
   year = "2015",
   url = "http://en.wikipedia.org/w/index.php?title=Ole-Johan_Dahl&oldid=643887733",
   note = "\url{http://en.wikipedia.org/wiki/Ole-Johan_Dahl} [Online; accessed 3-March-2015]"
 }

  @misc{ IABabout,
   title = "About the {IAB}",
   url = {http://www.iab.net/about_the_iab},
   note = "\url{http://www.iab.net/about_the_iab} [Online; accessed 16-January-2015]" 
 }

  @misc{ wiki:ppc,
   author = "Wikipedia",
   title = "Pay per click --- Wikipedia{,} The Free Encyclopedia",
   year = "2015",
   url = "\url{http://en.wikipedia.org/w/index.php?title=Pay_per_click&oldid=654344486}",
   note = "\url{http://en.wikipedia.org/wiki/Pay_per_click} [Online; accessed 7-April-2015]"
 }
 
  @misc{ wiki:cpm,
   author = "Wikipedia",
   title = "Cost per mille --- Wikipedia{,} The Free Encyclopedia",
   year = "2014",
   url = "\url{http://en.wikipedia.org/w/index.php?title=Cost_per_mille&oldid=637207484}",
   note = "\url{http://en.wikipedia.org/wiki/Cost_per_mille} [Online; accessed 7-April-2015]"
 }
 
  @misc{ wiki:onlineadvertising,
   author = "Wikipedia",
   title = "Online advertising --- Wikipedia{,} The Free Encyclopedia",
   year = "2015",
   url = "\url{http://en.wikipedia.org/w/index.php?title=Online_advertising&oldid=654494478}",
   note = "\url{http://en.wikipedia.org/wiki/Online_advertising} [Online; accessed 7-April-2015]"
 }
 
  @misc{ wiki:wikipeida,
   author = "Wikipedia",
   title = "Wikipedia --- Wikipedia{,} The Free Encyclopedia",
   year = "2015",
   url = "\url{http://en.wikipedia.org/w/index.php?title=Wikipedia&oldid=655221826}",
   note = "\url{https://en.wikipedia.org/wiki/Wikipedia} [Online; accessed 7-April-2015]"
 }
 
 @misc{ wiki:categorization,
   author = "Wikipedia",
   title = "Categorization --- Wikipedia{,} The Free Encyclopedia",
   year = "2015",
   url = "\url{http://en.wikipedia.org/wiki/Categorization}",
   note = "\url{http://en.wikipedia.org/wiki/Categorization} [Online; accessed 7-April-2015]"
 }
 
 

 @misc{ wiki:classification,
   author = "Wikipedia",
   title = "Classification --- Wikipedia{,} The Free Encyclopedia",
   year = "2015",
   url = "\url{http://en.wikipedia.org/wiki/Statistical_classification}",
   note = "\url{http://en.wikipedia.org/wiki/Statistical_classification} [Online; accessed 7-April-2015]"
 }
 
  @misc{unidecode,
   title = "Unidecode 0.04.17 - ASCII transliterations of Unicode text",
   year = "2015",
   url = "\url{ https://pypi.python.org/pypi/Unidecode}",
   note = "\url{ https://pypi.python.org/pypi/Unidecode} [Online; accessed 21-April-2015]"
 }
 
   @misc{databasedownload,
   title = "WikiMedia: Database dumps -- Index of /enwiki/",
   year = "2015",
   url = "\url{http://dumps.wikimedia.org/enwiki/}",
   note = "\url{http://dumps.wikimedia.org/enwiki/} [Online; accessed 22-January-2015]"
 }
 

 
@------------------------------------------------------
@ Previous work

@article{Encknowledge,
    author      = "lkj",
    organization = {Google Machine Translation Team},
    url = {{http://pdf.aminer.org/000/012/837/overcoming_the_brittleness_bottleneck_using_wikipedia_enhancing_text_categorization_with.pdf},
    title = {All Our N-Gram are Belong to You},
    month = october,
    year = {2014},
    note = {Accessed: 10-10-2014},
}

@inproceedings{brittleness,
  Author = {Evgeniy Gabrilovich and Shaul Markovitch},
  Title = {Overcoming the Brittleness Bottleneck using Wikipedia: Enhancing Text Categorization with Encyclopedic Knowledge},
  Year = {2006},
  Booktitle = {Proceedings of the Twenty-First National Conference on Artificial Intelligence},
  Pages = {1301--1306},
  Address = {Boston, MA},
  Url = {http://www.cs.technion.ac.il/~shaulm/papers/pdf/Gabrilovich-Markovitch-aaai2006.pdf},
  Keywords = {Wikipedia, Feature Generation, Text Categorization, Information Retrieval, ESA, Explicit Semantic Analysis},
  Secondary-keywords = {Common-sense Knowledge},
  }

@article{entityextraction,
    author = {Gattani, Abhishek and Lamba, Digvijay S. and Garera, Nikesh and Tiwari, Mitul and Chai, Xiaoyong and Das, Sanjib and Subramaniam, Sri and Rajaraman, Anand and Harinarayan, Venky and Doan, AnHai},
    title = {Entity Extraction, Linking, Classification, and Tagging for Social Media: A Wikipedia-based Approach},
    journal = {Proc. VLDB Endow.},
    issue_date = {August 2013},
    volume = {6},
    number = {11},
    month = aug,
    year = {2013},
    issn = {2150-8097},
    pages = {1126--1137},
    numpages = {12},
    url = {http://dx.doi.org/10.14778/2536222.2536237},
    doi = {10.14778/2536222.2536237},
    acmid = {2536237},
    publisher = {VLDB Endowment},
} 



@inproceedings{ponzetto2009large,
  title={Large-Scale Taxonomy Mapping for Restructuring and Integrating Wikipedia.},
  author={Ponzetto, Simone Paolo and Navigli, Roberto},
  booktitle={IJCAI},
  volume={9},
  pages={2083--2088},
  year={2009}
}

@------------------------------------------------------------------
@ Methods

 @misc{ wiki:precisionrecall,
   author = "Wikipedia",
   title = "Precision and Recall --- Wikipedia{,} The Free Encyclopedia",
   year = "2015",
   url = "http://en.wikipedia.org/wiki/Precision_and_recall",
   note = "\url{http://en.wikipedia.org/wiki/Precision_and_recall} [Online; accessed 16-April-2015]"
 }


@misc{ wiki:accuracy,
   author = "Wikipedia",
   title = "Accuracy and precision --- Wikipedia{,} The Free Encyclopedia",
   year = "2015",
   url = "http://en.wikipedia.org/wiki/Accuracy_and_precision",
   note = "\url{http://en.wikipedia.org/wiki/Accuracy_and_precision} [Online; accessed 16-April-2015]"
 }


@misc{ wiki:fscore,
   author = "Wikipedia",
   title = "F1 score --- Wikipedia{,} The Free Encyclopedia",
   year = "2015",
   url = "http://en.wikipedia.org/wiki/F1_scoren",
   note = "\url{http://en.wikipedia.org/wiki/F1_score} [Online; accessed 16-April-2015]"
 }

@misc{ wiki:falesepostivenegative,
   author = "Wikipedia",
   title = "F1 score --- Wikipedia{,} The Free Encyclopedia",
   year = "2015",
   url = "http://en.wikipedia.org/wiki/F1_scoren",
   note = "\url{http://en.wikipedia.org/wiki/F1_score} [Online; accessed 16-April-2015]"
 }

@misc{ wiki:goldstandard,
   author = "Wikipedia",
   title = "Gold Standard --- Wikipedia{,} The Free Encyclopedia",
   year = "2015",
   url = "http://en.wikipedia.org/wiki/Gold_standard_(test)",
   note = "\url{http://en.wikipedia.org/wiki/Gold_standard_(test)} [Online; accessed 16-April-2015]"
 }
 



@-------------------------------------------------------------
@ Implementation part

 @misc{ wiki:categorylinkstable,
   author = "MediaWiki",
   title = "Manual:Categorylinks table --- MediaWiki{,} The Free Wiki Engine",
   year = "2015",
   url = "\url{http://www.mediawiki.org/w/index.php?title=Manual:Categorylinks_table&oldid=1515638}",
   note = "\url{http://www.mediawiki.org/wiki/Manual:Categorylinks_table} [Online; accessed 9-April-2015]"
 }

 @misc{ wiki:hiddencat,
   author = "Wikipedia",
   title = "Category:Hidden categories --- Wikipedia{,} The Free Encyclopedia",
   year = "2015",
   url = "http://en.wikipedia.org/wiki/Category:Hidden_categories",
   note = "\url{http://en.wikipedia.org/wiki/Category:Hidden_categories} [Online; accessed 6-February-2015]"
 }
 
 
 @misc{ wiki:databasedownload,
   author = "Wikipedia",
   title = "Wikipedia:Database download --- Wikipedia{,} The Free Encyclopedia",
   year = "2015",
   url = " http://en.wikipedia.org/wiki/Wikipedia:Database_download",
   note = "\url{http://en.wikipedia.org/wiki/Wikipedia:Database_download} [Online; accessed 6-February-2015]"
 }
 
 
 @misc{ wiki:redirect,
   author = "Wikipedia",
   title = "Wikipedia:Redirect --- Wikipedia{,} The Free Encyclopedia",
   year = "2015",
   url = "  http://en.wikipedia.org/wiki/Wikipedia:Redirect",
   note = "\url{http://en.wikipedia.org/wiki/Wikipedia:Redirect} [Online; accessed 6-February-2015]"
 }
 
 
  @misc{ wiki:specialtree,
   author = "Wikipedia",
   title = "Wikipedia:Special:Category tree --- Wikipedia{,} The Free Encyclopedia",
   year = "2015",
   url = "  http://en.wikipedia.org/wiki/Special:CategoryTree",
   note = "\url{http://en.wikipedia.org/wiki/Special:CategoryTree} [Online; accessed 6-February-2015]"
 }
 
 
 @misc{ wiki:lemmatisation,
   author = "Wikipedia",
   title = "Lemmatisation --- Wikipedia{,} The Free Encyclopedia",
   year = "2014",
   url = "\url{http://en.wikipedia.org/w/index.php?title=Lemmatisation&oldid=633514360}",
   note = "\url{http://en.wikipedia.org/wiki/Lemmatisation} [Online; accessed 17-March-2015]"
 }
 
 @misc{ wiki:generalgrantship,
   author = "Wikipedia",
   title = "General Grant (ship) --- Wikipedia{,} The Free Encyclopedia",
   year = "2014",
   url = "http://en.wikipedia.org/w/index.php?title=General_Grant_(ship)&oldid=636197325",
   note = "\url{http://en.wikipedia.org/wiki/General_Grant_%28ship%29} [Online; accessed 30-March-2015]"
 }
 
  @misc{ wiki:generalgranttree,
   author = "Wikipedia",
   title = "General Grant (tree) --- Wikipedia{,} The Free Encyclopedia",
   year = "2015",
   url = "http://en.wikipedia.org/w/index.php?title=General_Grant_(tree)&oldid=645508629",
   note = "\url{http://en.wikipedia.org/wiki/General_Grant_%28tree%29} [Online; accessed 30-March-2015]"
 }
 
 @misc{ wiki:myplanet,
   author = "Wikipedia",
   title = "(85476) 1997 MY --- Wikipedia{,} The Free Encyclopedia",
   year = "2013",
   url = "http://en.wikipedia.org/w/index.php?title=(85476)_1997_MY&oldid=546254895",
   note = "\url{http://en.wikipedia.org/wiki/%2885476%29_1997_MY} [Online; accessed 1-April-2015]"
 }


 @misc{ wiki:freqwordlist,
   author = "Wiktionary",
   title = "Category:1000 English Basic Words --- Wiktionary{,} The Free Dictionary",
   year = "2015",
   url = "http://en.wiktionary.org/wiki/Category:1000_English_basic_words",
   note = "\url{http://en.wiktionary.org/wiki/Category:1000_English_basic_words} [Online; accessed 1-April-2015]"
 }
 
@Manning:2008:IIR:1394399
@book{iirbook,
 author = {Manning, Christopher D. and Raghavan, Prabhakar and Sch\"{u}tze, Hinrich},
 title = {Introduction to Information Retrieval},
 year = {2008},
 isbn = {0521865719, 9780521865715},
 publisher = {Cambridge University Press},
 address = {New York, NY, USA},
} 

 @misc{ wiki:urlredirect,
   author = "Wikipedia",
   title = "URL redirection --- Wikipedia{,} The Free Encyclopedia",
   year = "2015",
   url = "\url{http://en.wikipedia.org/w/index.php?title=URL_redirection&oldid=656225198}",
   note = "\url{http://en.wikipedia.org/wiki/URL_redirection} [Online; accessed 14-April-2015]"
 }
 
  @misc{ lemmatizationlist,
   title = "Lemmatization Lists, Datasets by MBM",
   year = "2015",
   url = "\url{http://www.lexiconista.com/datasets/lemmatization/}  ",
   note = "\url{http://www.lexiconista.com/datasets/lemmatization/}   [Online; accessed 10-February-2015]"
 }



@misc{ wiki:urlredirect,
   author = "Wikipedia",
   title = "URL redirection --- Wikipedia{,} The Free Encyclopedia",
   year = "2015",
   url = "\url{http://en.wikipedia.org/w/index.php?title=URL_redirection&oldid=656225198}",
   note = "\url{http://en.wikipedia.org/wiki/URL_redirection} [Online; accessed 14-April-2015]"
 }
 
 @misc{ wiki:davidsharpeactor,
   author = "Wikipedia",
   title = "David Sharpe (actor) --- Wikipedia{,} The Free Encyclopedia",
   year = "2015",
   url = "\url{http://en.wikipedia.org/wiki/David_Sharpe_%28actor%29}",
   note = "\url{http://en.wikipedia.org/wiki/David_Sharpe_%28actor%29} [Online; accessed 21-April-2015]"
 }
 
  @misc{ wiki:davidsharpeathlete,
   author = "Wikipedia",
   title = "David Sharpe (athlete) --- Wikipedia{,} The Free Encyclopedia",
   year = "2015",
   url = "\url{http://en.wikipedia.org/wiki/David_Sharpe_%28athlete%29}",
   note = "\url{http://en.wikipedia.org/wiki/David_Sharpe_%28athlete%29} [Online; accessed 21-April-2015]"
 }
 
  @misc{ wiki:langlinks,
   author = "MediaWiki",
   title = "Manual:Langlinks table --- MediaWiki{,} The Free Wiki Engine",
   year = "2015",
   url = " http://www.mediawiki.org/wiki/Manual:Langlinks_table",
   note = "\url{ http://www.mediawiki.org/wiki/Manual:Langlinks_table} [Online; accessed 21-April-2015]"
 }

  @misc{ datacleaning,
   title = "Data Cleaning is a critical part of the Data Science process",
   year = "2015",
   url = "http://blog.revolutionanalytics.com/2014/08/data-cleaning-is-a-critical-part-of-the-data-science-process.html
",
   note = "\url{ http://blog.revolutionanalytics.com/2014/08/data-cleaning-is-a-critical-part-of-the-data-science-process.html
} [Online; accessed 22-April-2015]"
 }
 
 
  @misc{ wiki:alexanderhughes,
   author = "Wikipedia",
   title = "Alexander Hughes --- Wikipedia{,} The Free Encyclopedia",
   year = "2015",
   url = " http://en.wikipedia.org/wiki/Alexander_Hughes",
   note = "\url{ http://en.wikipedia.org/wiki/Alexander_Hughes} [Online; accessed 10-February-2015]"
 }
 
   @misc{ wiki:lemma,
   author = "Wikipedia",
   title = "Lemma (morphology) --- Wikipedia{,} The Free Encyclopedia",
   year = "2015",
   url = "http://en.wikipedia.org/wiki/Lemma_%28morphology%29
",
   note = "\url{ http://en.wikipedia.org/wiki/Alexander_Hughes} [Online; 17-March-2015]"
 }
 
@-------------------------------------

@phdthesis{kozlova2005automatic,
  title={Automatic ontology extraction for document classification},
  author={Kozlova, Natalia},
  year={2005},
  school={Saarland University}
}

@article{chernov2006extracting,
  title={Extracting Semantics Relationships between Wikipedia Categories.},
  author={Chernov, Sergey and Iofciu, Tereza and Nejdl, Wolfgang and Zhou, Xuan},
  journal={SemWiki},
  volume={206},
  year={2006},
  publisher={Citeseer}
}
